@book{latex,
  	title = {LaTeX : A Documentation Preparation System User's Guide and Reference Manual},
  	publisher = {Addison-Wesley Professional},
  	year = {1994},
  	author = {Leslie Lamport}
}

@article{bungartz_griebel_2004, 
	title={Sparse grids}, 
	volume={13}, 
	DOI={10.1017/S0962492904000182}, 
	journal={Acta Numerica}, 
	publisher={Cambridge University Press}, 
	author={Bungartz, Hans-Joachim and Griebel, Michael}, 
	year={2004}, 
	pages={147–269}
}

@inbook{heene18exahd,
	author = {Heene, Mario and Parra Hinojosa, Alfredo and Obersteiner, Michael and Bungartz, Hans-Joachim and Pfl{\"{u}}ger, Dirk},
	chapter = {EXAHD: An Exa-Scalable Two-Level Sparse Grid Approach for Higher-Dimensional Problems in Plasma Physics and Beyond},
	editor = {Nagel, Wolfgang and Kr{\"{o}}ner, Dietmar and Resch, Michael},
	institution = {Institut f{\"{u}}r Informatik, Technische Universit{\"{a}}t M{\"{u}}nchen},
	month = mar,
	organization = {Institut f{\"{u}}r Informatik, Technische Universit{\"{a}}t M{\"{u}}nchen},
	pages = {513--529},
	publisher = {Springer-Verlag},
	title = {High Performance Computing in Science and Engineering ' 17},
	year = {2018},
	ISBN = {9783319683935}
}


@article{pflueger,
	title={Spatially Adaptive Refinement},
	journal={Sparse Grids and Applications of Lecture Notes in Computational Science and Engineering},
	publisher={Springer},
	author={J. Garcke and M. Griebel},
	year={2012},
	pages={243262}
}

@article{gerstner_griebel,
	title={Sparse Grids},
	journal={Encyclopedia of Quantitative Finance},
	author={T. Gerstner and M. Griebel},
	year={2008},
	publisher={R. Cont (ed.)}
}

@article{jakeman_roberts,
	title={Local and Dimension Adaptive Sparse Grid Interpolation and Quadrature},
	author={John D. Jakeman and Stephen G. Roberts},
	journal={CoRR},
	year={2011},
	volume={abs/1110.0010}
}

@Article{Gerstner1998,
	author="Gerstner, Thomas
	and Griebel, Michael",
	title="Numerical integration using sparse grids",
	journal="Numerical Algorithms",
	year="1998",
	month="Jan",
	day="01",
	volume="18",
	number="3",
	pages="209",
	abstract="We present new and review existing algorithms for the numerical integration of multivariate functions defined over d-dimensional cubes using several variants of the sparse grid method first introduced by Smolyak [49]. In this approach, multivariate quadrature formulas are constructed using combinations of tensor products of suitable one-dimensional formulas. The computing cost is almost independent of the dimension of the problem if the function under consideration has bounded mixed derivatives. We suggest the usage of extended Gauss (Patterson) quadrature formulas as the one‐dimensional basis of the construction and show their superiority in comparison to previously used sparse grid approaches based on the trapezoidal, Clenshaw--Curtis and Gauss rules in several numerical experiments and applications. For the computation of path integrals further improvements can be obtained by combining generalized Smolyak quadrature with the Brownian bridge construction.",
	issn="1572-9265",
	doi="10.1023/A:1019129717644",
	url="https://doi.org/10.1023/A:1019129717644"
}

@article{hegland_garcke_challis,
	title={The combination technique and some generalisations},
	journal={Linear Algebra and its applications},
	author={Hegland, Markus and Garcke, Jochen and Challis, Vivien},
	year={2006},
	publisher={Elsevier, North Holland},
	pages={249-275}
}

@InProceedings{griebel_schneider_zenger,
	title={A combination technique for the solution of sparse grid problems},
	booktitle={Iterative Methods in Linear Algebra},
	author={Griebel, Michael and Schneider, M. and Zenger, C.},
	pages={263-281},
	publisher={IMACS, Elsevier, North Holland},
	year={1992}
}

@InProceedings{nutshell,
	author="Garcke, Jochen",
	editor="Garcke, Jochen and Griebel, Michael",
	title="Sparse Grids in a Nutshell",
	booktitle="Sparse Grids and Applications",
	year="2013",
	publisher="Springer Berlin Heidelberg",
	address="Berlin, Heidelberg",
	pages="57--80",
	abstract="The technique of sparse grids allows to overcome the curse of dimensionality, which prevents the use of classical numerical discretization schemes in more than three or four dimensions, under suitable regularity assumptions. The approach is obtained from a multi-scale basis by a tensor product construction and subsequent truncation of the resulting multiresolution series expansion. This entry level article gives an introduction to sparse grids and the sparse grid combination technique.",
	isbn="978-3-642-31703-3"
}

@mastersthesis{ba_bellebaum,
	author = {Bellebaum, Thomas},
	institution = {MSE, Technische Universit{\"{a}}t M{\"{u}}nchen},
	month = sep,
	organization = {MSE, Technische Universit{\"{a}}t M{\"{u}}nchen},
	school = {MSE, Technische Universit{\"{a}}t M{\"{u}}nchen},
	title = {Evaluation of different
	time-synchronization schemes for the
	combination technique},
	type = {Bachelor's thesis},
	year = {2018},
}

@mastersthesis{ba_molzer,
	author = {Molzer, Martin},
	institution = {MSE, Technische Universit{\"{a}}t M{\"{u}}nchen},
	month = jan,
	organization = {MSE, Technische Universit{\"{a}}t M{\"{u}}nchen},
	school = {MSE, Technische Universit{\"{a}}t M{\"{u}}nchen},
	title = {Implementation of a Parallel Sparse Grid Combination Technique for Variable Process Group Sizes},
	type = {Bachelor's thesis},
	year = {2018},
	URL = {https://www5.in.tum.de/pub/BA_Molzer.pdf}
}


@miscellaneous{asc_notes,
	url={https://www5.in.tum.de/lehre/vorlesungen/asc/ss17/hierbas_1D.pdf},
	author={Bader, Michael},
	title={Algorithms for Scientific Computing -- 1D Hierarchical Basis},
	year={2017}
}

@InProceedings{noordmans_hemker,
	author="Noordmans, J. and Hemker, P. W.",
	title="Application of an Adaptive Sparse-Grid Technique to a Model Singular Perturbation Problem",
	booktitle="Computing",
	volume={65},
	year="2000",
	publisher="Springer",
	pages="357--378",
}
